% https://en.wikipedia.org/wiki/BibTeX#Entry_types

@article{schwinger,
    title = {Test for random number generators:  {S}chwinger-{D}yson equations for the {I}sing model},
    author = {Ballesteros, H. G. and Mart\'{\i}n-Mayor, V.},
    journal = {Phys. Rev. E},
    volume = {58},
    issue = {5},
    pages = {6787--6791},
    numpages = {0},
    year = {1998},
    month = {Nov},
    publisher = {American Physical Society},
    doi = {10.1103/PhysRevE.58.6787},
    url = {https://link.aps.org/doi/10.1103/PhysRevE.58.6787}
}

@book{numericalrecipes,
   author = { William H. Press and
              Saul A. Teukolsky and
              William T. Vetterling and
              Brian P. Flannery },
   title     = {Numerical recipes in C: the art of scientific computing},
   publisher = {Cambridge University Press},
   year      = {2002},
   edition   = {Second edition},
   note      = {Ver \emph{Quick-and-dirty Monte Carlo: The bootstrap method}.}
}

@misc{sfmt,
    author = {Mutsuo Saito and Makoto Matsumoto},
    year = 2017,
    title = {{SIMD} oriented {F}ast {M}ersenne {T}wister ({SFMT})},
    howpublished = {\url{http://www.math.sci.hiroshima-u.ac.jp/~m-mat/MT/SFMT/index.html}},
}

@article{critparams,
  title = {Critical parameters of the three-dimensional {I}sing spin glass},
  author = {Baity-Jesi, M. and Ba\~nos, R. A. and Cruz, A. and Fernandez, L. A. and Gil-Narvion, J. M. and Gordillo-Guerrero, A. and I\~niguez, D. and Maiorano, A. and Mantovani, F. and Marinari, E. and Martin-Mayor, V. and Monforte-Garcia, J. and Sudupe, A. Mu\~noz and Navarro, D. and Parisi, G. and Perez-Gaviro, S. and Pivanti, M. and Ricci-Tersenghi, F. and Ruiz-Lorenzo, J. J. and Schifano, S. F. and Seoane, B. and Tarancon, A. and Tripiccione, R. and Yllanes, D.},
  collaboration = {Janus Collaboration},
  journal = {Phys. Rev. B},
  volume = {88},
  issue = {22},
  pages = {224416},
  numpages = {9},
  year = {2013},
  month = {Dec},
  publisher = {American Physical Society},
  doi = {10.1103/PhysRevB.88.224416},
  url = {https://link.aps.org/doi/10.1103/PhysRevB.88.224416}
}

@article{isingtemp,
   author = {{Ghaemi}, M. and {Parsafar}, G.~A. and {Ashrafizaadeh}, M.},
    title = "{Calculation of the Critical Temperature for 2- and 3-Dimensional {I}sing Models and for 2-Dimensional {P}otts Models Using the Transfer Matrix Method}",
  journal = {ArXiv Physics e-prints},
   eprint = {physics/0406135},
 keywords = {Physics - Chemical Physics},
     year = 2004,
    month = jun
}

@article{corrparisi,
  author={Giorgio Parisi and Federico Ricci-Tersenghi and Juan J. Ruiz-Lorenzo},
  title={Equilibrium and off-equilibrium simulations of the 4D Gaussian spin glass},
  journal={Journal of Physics A: Mathematical and General},
  volume=29,
  number=24,
  pages=7943,
  url={http://stacks.iop.org/0305-4470/29/i=24/a=018},
  year=1996,
}

% http://www.sciencedirect.com/science/article/pii/S0010465514001854
@Article{multispincoding,
journal = "Computer Physics Communications",
volume = 185,
number = 10,
pages = "2467 - 2478",
year = 2014,
title = "Parallel tempering simulation of the three-dimensional {E}dwards–{A}nderson model with compact asynchronous multispin coding on {GPU}",
issn = "0010-4655",
doi = "http://dx.doi.org/10.1016/j.cpc.2014.05.020",
url = "http://www.sciencedirect.com/science/article/pii/S0010465514001854",
author = "Ye Fang and Sheng Feng and Ka-Ming Tam and Zhifeng Yun and Juana Moreno and J. Ramanujam and Mark Jarrell",
note      = {Ver sección 4.3.}
}

@article{dippaper,
  title = {Memory and Chaos Effects in Spin Glasses},
  author = {Jonason, K. and Vincent, E. and Hammann, J. and Bouchaud, J. P. and Nordblad, P.},
  journal = {Phys. Rev. Lett.},
  volume = {81},
  issue = {15},
  pages = {3243--3246},
  numpages = {0},
  year = {1998},
  month = {Oct},
  publisher = {American Physical Society},
  doi = {10.1103/PhysRevLett.81.3243},
  url = {https://link.aps.org/doi/10.1103/PhysRevLett.81.3243}
}

@Article{threeprotocolpaper,
author="Miyashita, S.
and Vincent, E.",
title="A microscopic mechanism for rejuvenation and memory effects in spin glasses",
journal="The European Physical Journal B - Condensed Matter and Complex Systems",
year="2001",
volume="22",
number="2",
pages="203--211",
issn="1434-6036",
doi="10.1007/s100510170128",
url="http://dx.doi.org/10.1007/s100510170128"
}


@article{c4fit,
  author={Enzo Marinari and Giorgio Parisi and Juan J Ruiz-Lorenzo},
  title={Low {T} dynamical properties of spin glasses smoothly extrapolate to {T} = 0},
  journal={Journal of Physics A: Mathematical and General},
  volume={35},
  number={32},
  pages={6805},
  url={http://stacks.iop.org/0305-4470/35/i=32/a=303},
  year={2002},
}

@Article{c4integration,
author="Belletti, F.
and Cruz, A.
and Fernandez, L. A.
and Gordillo-Guerrero, A.
and Guidetti, M.
and Maiorano, A.
and Mantovani, F.
and Marinari, E.
and Martin-Mayor, V.
and Monforte, J.
and Mu{\~{n}}oz Sudupe, A.
and Navarro, D.
and Parisi, G.
and Perez-Gaviro, S.
and Ruiz-Lorenzo, J. J.
and Schifano, S. F.
and Sciretti, D.
and Tarancon, A.
and Tripiccione, R.
and Yllanes, D.",
title="An In-Depth View of the Microscopic Dynamics of {I}sing Spin Glasses at Fixed Temperature",
journal="Journal of Statistical Physics",
year=2009,
volume=135,
number=5,
pages="1121--1158",
issn="1572-9613",
doi="10.1007/s10955-009-9727-z",
url="http://dx.doi.org/10.1007/s10955-009-9727-z"
}

@article{mranderson,
  author={S. F. Edwards and P. W. Anderson},
  title={Theory of spin glasses},
  journal={Journal of Physics F: Metal Physics},
  volume={5},
  number={5},
  pages={965},
  url={http://stacks.iop.org/0305-4608/5/i=5/a=017},
  year={1975},
}

@article{canella,
  title = {Magnetic Ordering in Gold-Iron Alloys},
  author = {Cannella, V. and Mydosh, J. A.},
  journal = {Phys. Rev. B},
  volume = {6},
  issue = {11},
  pages = {4220--4237},
  numpages = {0},
  year = {1972},
  month = {Dec},
  publisher = {American Physical Society},
  doi = {10.1103/PhysRevB.6.4220},
  url = {https://link.aps.org/doi/10.1103/PhysRevB.6.4220}
}

@book{tiempos,
   author = { Mydosh, J. A.},
   title     = {Spin glasses: an experimental introduction},
   publisher = {Taylor and Francis},
   year      = {1993},
}

@misc{metropolis,
Author = {Christian P. Robert},
Title = {The {Metropolis-Hastings} algorithm},
Year = {2015},
Eprint = {arXiv:1504.01896},
}

@article{janus,
title = "Simulating spin systems on {IANUS}, an {FPGA}-based computer",
author = "F. Belletti and M. Cotallo and A. Cruz and Fernández, {L. A.} and A. Gordillo and A. Maiorano and F. Mantovani and E. Marinari and V. Martín-Mayor and A. Muñoz-Sudupe and D. Navarro and S. Pérez-Gaviro and Ruiz-Lorenzo, {J. J.} and Schifano, {S. F.} and D. Sciretti and A. Tarancón and R. Tripiccione and Velasco, {J. L.}",
year = "2008",
month = "2",
doi = "10.1016/j.cpc.2007.09.006",
volume = "178",
pages = "208--216",
journal = "Computer Physics Communications",
issn = "0010-4655",
publisher = "Elsevier",
number = "3",
}
@article{onetruemultispincoding,
title = "Multi-spin coding: A very efficient technique for {Montecarlo} simulations of spin systems",
journal = "Journal of Computational Physics",
volume = "41",
number = "1",
pages = "203 - 210",
year = "1981",
note = "",
issn = "0021-9991",
doi = "http://dx.doi.org/10.1016/0021-9991(81)90089-9",
url = "http://www.sciencedirect.com/science/article/pii/0021999181900899",
author = "Laurence Jacobs and Claudio Rebbi",
}

@article{julialang,
author = {Jeff Bezanson and Alan Edelman and Stefan Karpinski and Viral B. Shah},
title = {Julia: A Fresh Approach to Numerical Computing},
journal = {SIAM Review},
volume = 59,
number = 1,
pages = {65-98},
year = 2017,
eprint = {https://doi.org/10.1137/141000671}
}

@article{boot,
    author = {Efron, B.},
    doi = {10.2307/2958830},
    issn = 00905364,
    journal = {The Annals of Statistics},
    keywords = {bootstrap, delta-method, statistics},
    number = 1,
    pages = {1--26},
    posted-at = {2008-06-17 19:02:16},
    priority = 3,
    publisher = {Institute of Mathematical Statistics},
    title = {Bootstrap Methods: Another Look at the Jackknife},
    url = {http://dx.doi.org/10.2307/2958830},
    volume = 7,
    year = 1979
}

@article{randommonte,
  title={Monte carlo simulations: Hidden errors from ``good'' random number generators},
  author={Ferrenberg, Alan M. and Landau D.P. and Wong, Y. Joanna},
  journal={Physical Review Letters},
  volume=69,
  number=23,
  pages=3382,
  year=1992,
  publisher={APS}
}

@Article{randomcoins,
author="Bauke, Heiko
and Mertens, Stephan",
title="Pseudo Random Coins Show More Heads Than Tails",
journal="Journal of Statistical Physics",
year=2004,
volume=114,
number=3,
pages="1149--1169",
issn="1572-9613",
doi="10.1023/B:JOSS.0000012521.67853.9a",
url="http://dx.doi.org/10.1023/B:JOSS.0000012521.67853.9a"
}

@article{binder,
  title = {Spin glasses: Experimental facts, theoretical concepts, and open questions},
  author = {Binder, K. and Young, A. P.},
  journal = {Rev. Mod. Phys.},
  volume = 58,
  issue = 4,
  pages = {801--976},
  numpages = 0,
  year = 1986,
  month = {Oct},
  publisher = {American Physical Society},
  doi = {10.1103/RevModPhys.58.801},
  url = {https://link.aps.org/doi/10.1103/RevModPhys.58.801}
}

@Article{Marinari2000,
author="Marinari, Enzo
and Parisi, Giorgio
and Ricci-Tersenghi, Federico
and Ruiz-Lorenzo, Juan J.
and Zuliani, Francesco",
title="Replica Symmetry Breaking in Short-Range Spin Glasses: Theoretical Foundations and Numerical Evidences",
journal="Journal of Statistical Physics",
year="2000",
volume="98",
number="5",
pages="973--1074",
abstract="We discuss replica symmetry breaking (RSB) in spin glasses. We update work in this area, from both the analytical and numerical points of view. We give particular attention to the difficulties stressed by Newman and Stein concerning the problem of constructing pure states in spin glass systems. We mainly discuss what happens in finite-dimensional, realistic spin glasses. Together with a detailed review of some of the most important features, facts, data, and phenomena, we present some new theoretical ideas and numerical results. We discuss among others the basic idea of the RSB theory, correlation functions, interfaces, overlaps, pure states, random field, and the dynamical approach. We present new numerical results for the behaviors of coupled replicas and about the numerical verification of sum rules, and we review some of the available numerical results that we consider of larger importance (for example, the determination of the phase transition point, the correlation functions, the window overlaps, and the dynamical behavior of the system).",
issn="1572-9613",
doi="10.1023/A:1018607809852",
url="http://dx.doi.org/10.1023/A:1018607809852"
}

@Book{mezard1987spin,
 author = {Mezard, Marc},
 title = {Spin glass theory and beyond},
 publisher = {World Scientific},
 year = {1987},
 address = {Singapore Teaneck, NJ, USA},
 isbn = {9971501155}
 }




@article{cmonman,
  author={W L McMillan},
  title={Scaling theory of Ising spin glasses},
  journal={Journal of Physics C: Solid State Physics},
  volume=17,
  number=18,
  pages=3179,
  url={http://stacks.iop.org/0022-3719/17/i=18/a=010},
  year=1984,
}

@misc{brown-2013,
    author = {Brown, Robert G. and Eddelbuettel, Dirk and Bauer, David},
    year = 2013,
    title = {{Dieharder: A Random Number Test Suite}},
    howpublished = {\url{http://www.phy.duke.edu/~rgb/General/dieharder.php}},
}
